<record><leader>00000cas a2200000 a 4500</leader><controlfield tag="001">15908768</controlfield><controlfield tag="008">870611d19181964iluwr ne      0   a0eng c</controlfield><datafield ind1=" " ind2=" " tag="010"><subfield code="a">sn 87082822 </subfield></datafield><datafield ind1=" " ind2=" " tag="040"><subfield code="a">NPV</subfield><subfield code="b">eng</subfield><subfield code="c">NPV</subfield><subfield code="d">NVF</subfield><subfield code="d">CVF</subfield><subfield code="d">NVF</subfield><subfield code="d">OCLCF</subfield><subfield code="d">NVF</subfield><subfield code="d">OCLCO</subfield></datafield><datafield ind1="1" ind2=" " tag="029"><subfield code="a">AU@</subfield><subfield code="b">000020480848</subfield></datafield><datafield ind1=" " ind2=" " tag="042"><subfield code="a">pcc</subfield></datafield><datafield ind1=" " ind2=" " tag="043"><subfield code="a">n-us-il</subfield></datafield><datafield ind1="0" ind2=" " tag="130"><subfield code="a">News-bulletin (Mokena, Ill.)</subfield></datafield><datafield ind1="1" ind2="4" tag="245"><subfield code="a">The news-bulletin.</subfield></datafield><datafield ind1="3" ind2=" " tag="246"><subfield code="a">News bulletin</subfield></datafield><datafield ind1=" " ind2=" " tag="260"><subfield code="a">Mokena, Ill. :</subfield><subfield code="b">Wm. Semmler</subfield></datafield><datafield ind1=" " ind2=" " tag="300"><subfield code="a">v.</subfield></datafield><datafield ind1=" " ind2=" " tag="310"><subfield code="a">Weekly</subfield></datafield><datafield ind1="1" ind2=" " tag="362"><subfield code="a">Began in 1918.</subfield></datafield><datafield ind1=" " ind2=" " tag="588"><subfield code="a">Description based on: Vol. 23, no. 12 (Nov. 15, 1940).</subfield></datafield><datafield ind1=" " ind2=" " tag="588"><subfield code="a">Latest issue consulted: Apr. 9, 1964.</subfield></datafield><datafield ind1=" " ind2="0" tag="651"><subfield code="a">Mokena (Ill.)</subfield><subfield code="v">Newspapers.</subfield></datafield><datafield ind1=" " ind2="7" tag="651"><subfield code="a">Illinois</subfield><subfield code="z">Mokena.</subfield><subfield code="2">fast</subfield><subfield code="0">(OCoLC)fst01217645</subfield></datafield><datafield ind1=" " ind2="7" tag="655"><subfield code="a">Newspapers.</subfield><subfield code="2">fast</subfield><subfield code="0">(OCoLC)fst01423814</subfield></datafield><datafield ind1=" " ind2=" " tag="752"><subfield code="a">United States</subfield><subfield code="b">Illinois</subfield><subfield code="c">Will</subfield><subfield code="d">Mokena.</subfield></datafield><datafield ind1="0" ind2="0" tag="785"><subfield code="t">Mokena news bulletin</subfield><subfield code="w">(DLC)sn2003060727</subfield><subfield code="w">(OCoLC)52701490</subfield></datafield></record>